@INPROCEEDINGS{no, 
    author={Kimura, H. and Sakurama, K. and Akiyama, S.}, 
    booktitle={Intelligent Robots and Systems, 1998. Proceedings., 1998 IEEE/RSJ International Conference on}, 
    title={Dynamic walking and running of the quadruped using neural oscillator}, 
    year={1998}, 
    month={Oct}, 
    volume={1}, 
    pages={50-57 vol.1}, 
    keywords={legged locomotion;neurocontrollers;robot dynamics;bouncing;crossed extension reflex;dynamic running;dynamic walking;flat terrain;flexor reflex;hopping;irregular terrain;nervous system model;neural oscillator;quadruped;spring mechanism;spring-mass system;stretch reflex;Animals;Control systems;Legged locomotion;Motion control;Motion planning;Nervous system;Oscillators;Rain;Robots;Springs}, 
    doi={10.1109/IROS.1998.724595},} 

@ARTICLE{modular, 
    author={Kamimura, A. and Kurokawa, H. and Yoshida, E. and Murata, S. and Tomita, K. and Kokaji, S.}, 
    journal={Mechatronics, IEEE/ASME Transactions on}, 
    title={Automatic locomotion design and experiments for a Modular robotic system}, 
    year={2005}, 
    month={June}, 
    volume={10}, 
    number={3}, 
    pages={314-325}, 
    keywords={control system synthesis;distributed control;genetic algorithms;mobile robots;self-adjusting systems;automatic locomotion design;central pattern generators;distributed joint control;genetic algorithm;modular robotic system;neural oscillators;repeating self-configuration motion;Automatic control;Automatic generation control;Centralized control;Control systems;Design methodology;Distributed control;Genetic algorithms;Legged locomotion;Oscillators;Robotics and automation;Central pattern generator (CPG);evolutionary computation;locomotion;modular robot;neural oscillator network}, 
    doi={10.1109/TMECH.2005.848299}, 
    ISSN={1083-4435},}
